%% LaTeX2e file `CEBS.bib'
%% generated by the `filecontents' environment
%% from source `CEBS' on 2016/04/28.
%%
}

@article{Ross2016a,
  title   = {{The Supervisory Capital Assessment Program}},
  publisher = "Yale Program on Financial Stability",
  author  = "Ross, Chase P.",
  year   = "2016",
  doi    = " ",
  volume  = " ",
  journal  = "Yale Program on Financial Stability Intervention Case",
  issn   = " ",
  url    = {http://papers.ssrn.com/sol3/papers.cfm?abstract_id=2722712},
}

@article{Ross2016b,
  title   = {{Financial Services Authority 2008/9 Stress Test}},
  publisher = "Yale Program on Financial Stability",
  author  = "Ross, Chase P.",
  year   = "2016",
  doi    = " ",
  volume  = " ",
  journal  = "Yale Program on Financial Stability Intervention Case",
  issn   = " ",
  url    = {http://som.yale.edu/download-ypfs/Financial-Services-Authority-Test.pdf},
}

@article{RossWiggins,
  title   = {{European Central Bank Tools and Policy Actions A: Open Market Operations, Collateral Expansion and Standing Facilities}},
  publisher = "Yale Program on Financial Stability",
  author  = "Ross, Chase P., and Wiggins, R. and Metrick, A.",
  year   = "2016",
  doi    = " ",
  volume  = " ",
  journal  = "Yale Program on Financial Stability Intervention Case",
  issn   = " ",
  url    = {http://papers.ssrn.com/sol3/papers.cfm?abstract_id=2721873},
}

@article{Sunderji,
  title   = {{European Bank Stress Test Results: A Systemic Positive, Despite the Oversights}},
  publisher = "Barclays Capital",
  author  = "Sunderji, Aziz, and Julius, Jeroen, and Leeming, Matt",
  year   = "2010",
  doi    = " ",
  volume  = " ",
  journal  = "Barclays Capital Credit Research",
  issn   = " ",
}

@article{Samuels,
  title   = {{Happy Now? Four Questions on the European Banks' Stress Test}},
  publisher = "Barclays Capital",
  author  = "Samuels, Simon and Harrison, Mike",
  year   = "2010",
  doi    = " ",
  volume  = " ",
  journal  = "Barclays Capital Credit Research",
  issn   = " ",
}


@article{Deutsche,
  title   = {{Interpreting the Stress Test Results}},
  publisher = "Deutsche Bank",
  author  = "Spick, Matt",
  year   = "2010",
  doi    = " ",
  volume  = " ",
  journal  = "Deustche Bank European Bank Strategy",
  issn   = " ",
}

@article{Goldman,
  title   = {{European Weekly Analyst, Issue No. 10/27: On the Eve of the Bank Stress Tests}},
  publisher = "Goldman, Sachs Global Investment Research",
  author  = "Kojucharov, Nick",
  year   = "2010",
  doi    = " ",
  volume  = " ",
  journal  = "Goldman Sachs Global Investment Research",
  issn   = " ",
}


@article{CEBS2009,
  title   = {{Press Release: 2981st Council Meeting, Economic and Financial Affairs}},
  publisher = "Council of the European Union",
  author  = {{Council of the European Union}},
  year   = "2009",
  doi    = " ",
  volume  = " ",
  journal  = " ",
  issn   = " ",
  url    = {https://www.consilium.europa.eu/uedocs/cms_data/docs/pressdata/en/ecofin/111706.pdf},
}


@article{Methodology,
  title   = {{Aggregate Outcome of the 2010 EU-wide Stress Test Exercise Coordinated by CEBS in Cooperation with the ECB}},
  publisher = "Committee of European Banking Supervisors",
  author  = {{Committee of European Banking Supervisors}},
  year   = "2010",
  doi    = " ",
  volume  = " ",
  journal  = " ",
  issn   = " ",
  url    = {https://www.eba.europa.eu/documents/10180/15938/Summaryreport.pdf/95030af2-7b52-4530-afe1-f067a895d163},
}

@article{Gonzalez,
  title   = {{Spanish Financials: Interpreting the Stress Test Results: Banks and Cajas}},
  publisher = "Deutsche Bank",
  author  = "Gonzalez, Carlos Berastain",
  year   = "2010",
  doi    = " ",
  volume  = " ",
  journal  = "Deustche Bank Global Markets Research",
  issn   = " ",
}

@article{SCAPResults,
  title   = {{The Supervisory Capital Assessment Program: Overview of Results}},
  publisher = "Board of Governors of the Federal Reserve System",
  author  = {{Federal Reserve}},
  year   = "2009",
  doi    = " ",
  volume  = " ",
  journal  = " ",
  issn   = " ",
  url    = {http://www.federalreserve.gov/newsevents/press/bcreg/bcreg20090507a1.pdf},
}

@article{SG,
  title   = {{European Bank Stress Tests}},
  publisher = "Societe Generale",
  author  = "Marcussen, Michala, and Baader, Klaus",
  year   = "2010",
  doi    = " ",
  volume  = " ",
  journal  = "Societe General Cross Asset Research",
  issn   = " ",
}

@article{Nedialkov,
  title   = {{European Bank Stress Tests: Data Full, Not Stress Full}},
  publisher = "Citi",
  author  = "Nedialkov, Stefan, and Ghose, Ronit, and Lakhani, Kinner",
  year   = "2010",
  doi    = " ",
  volume  = " ",
  journal  = "Citi Research",
  issn   = " ",
}

@article{Nielsen,
  title   = {{Implications of the European Stress Test}},
  publisher = "Danske",
  author  = "Nielsen, Flemming J. and Smidth, Gustav, and Pedersen, Kristian Myrup",
  year   = "2010",
  doi    = " ",
  volume  = " ",
  journal  = "Danske Research",
  issn   = " ",
}



@article{QA,
  title   = {{Questions and Answers: 2010 EU-Wide Stress Testing Exercise}},
  publisher = "Committee of European Banking Supervisors",
  author  = {{Committee of European Banking Supervisors}},
  year   = "2010",
  doi    = " ",
  volume  = " ",
  journal  = " ",
  issn   = " ",
  url    = {https://www.ecb.europa.eu/pub/pdf/other/euwidestresstestingexercise-qaen.pdf?860c12759915bf0e3a8cd5486cb595a4},
}

@article{CEBSOctober2009,
  title   = {{CEBS Press Release on the Results of the EU-Wide Stress Testing Exercise}},
  publisher = "Committee of European Banking Supervisors",
  author  = {{Committee of European Banking Supervisors}},
  year   = "2009",
  doi    = " ",
  volume  = " ",
  journal  = " ",
  issn   = " ",
  url    = {https://www.eba.europa.eu/documents/10180/15977/CEBS-2009-180-Annex-2-\%28Press-release-from-CEBS\%29.pdf},
}

@article{Fitch,
  title   = {{Fitch Downgrades Lloyds, RBS, ING, Other EU Banks' Hybrids on Increased Risk of Coupon Deferral}},
  publisher = "Fitch",
  author  = {{Fitch}},
  year   = "2009",
  doi    = " ",
  volume  = " ",
  journal  = " ",
  issn   = " ",
  url    = {http://ftalphaville.ft.com//2009/08/20/67906/hybrid-debt-attack-for-real-from-fitch/},
}

@article{IMF,
  title   = {{Macrofinancial Stress Testing -- Principles and Practices}},
  publisher = " ",
  author  = {{IMF}},
  year   = "2012",
  doi    = " ",
  volume  = " ",
  journal  = " ",
  issn   = " ",
  url    = {https://www.imf.org/external/np/pp/eng/2012/082212.pdf},
}

@article{Alloway,
  title   = {{Stress Test's Sovereign Support = Senseless}},
 publisher = "Financial Times",
  author  = "Alloway, T.",
  year   = "2010",
  doi    = " ",
  volume  = " ",
  journal  = " ",
  issn   = " ",
  url    = {http://ftalphaville.ft.com/2010/07/26/296871/stress-tests-sovereign-support-senseless/},
}

@article{Alloway2,
  title   = {{Tear Down this Hybrid Capital Wall}},
 publisher = "Financial Times",
  author  = "Alloway, T.",
  year   = "2009",
  doi    = " ",
  volume  = " ",
  journal  = " ",
  issn   = " ",
  url    = {http://ftalphaville.ft.com//2009/09/09/70611/tear-down-this-hybrid-capital-wall/},
}

@article{Posen,
  title   = {{Europe's Half a Banking Union}},
 publisher = "Bruegel",
  author  = "Posen, Adam and Veron, Nicholas",
  year   = "2014",
  doi    = " ",
  volume  = " ",
  journal  = " ",
  issn   = " ",
  url    = {http://bruegel.org/2014/09/europes-half-a-banking-union/},
}

@article{Engle,
  title   = {{Testing Macroprudential Stress Tests: The Risk of Regulatory Risk Weights}},
  publisher = " ",
  author  = "Acharya, Viral, and Engle, Robert, and Pierret, Diane",
  year   = "2014",
  doi    = " ",
  volume  = " ",
  journal  = "Journal of Monetary Economics",
  issn   = " ",
  url    = {http://pages.stern.nyu.edu/~sternfin/vacharya/public_html/pdfs/Testing_Macro_Stress_Tests_March27.pdf},
}


@article{OECD,
  title   = {{The EU Stress Test and Sovereign Debt Exposures}},
  publisher = " ",
  author  = "Wignall-Blundell, Adrian and Slovik, Patrick",
  year   = "2010",
  doi    = " ",
  volume  = " ",
  journal  = "OECD Working Papers on Finance, Insurance and Private Pensions",
  issn   = " ",
  url    = {http://search.proquest.com/docview/1081470338?pq-origsite=gscholar},
}

@article{Schuermann2011,
  title   = {{Stress Testing Banks}},
  publisher = " ",
  author  = "Schuermann, Til",
  year   = "2011",
  doi    = " ",
  volume  = " ",
  journal  = "Wharton Financial Institutions Center",
  issn   = " ",
  url    = {http://papers.ssrn.com/sol3/papers.cfm?abstract_id=2041579},
}

@article{Schuermann2016,
  title   = {{Stress Testing in Wartime and in Peacetime}},
  publisher = " ",
  author  = "Schuermann, Til",
  year   = "2016",
  doi    = " ",
  volume  = " ",
  journal  = "Stress Testing and Macroprudential Regulation: A Trans-Atlantic Assessment",
  issn   = " ",
  url    = {http://papers.ssrn.com/sol3/Papers.cfm?abstract_id=2735895},
}

@article{Ireland,
  title   = {{The Financial Measures Programme Report}},
  publisher = " ",
  author  = "",
  year   = "2011",
  doi    = " ",
  volume  = " ",
  journal  = "Central Bank of Ireland",
  issn   = " ",
  url    = {http://www.centralbank.ie/regulation/industry-sectors/credit-institutions/Documents/The\%20Financial\%20Measures\%20Programme\%20Report.pdf},
}


@article{Itay,
  title   = {{Should Banks' Stress Test Results be Disclosed? An Analysis of the Costs and Benefits}},
  publisher = " ",
  author  = "Goldstein, Itay and Sapra, Haresh",
  year   = "2013",
  doi    = " ",
  volume  = " ",
  issn   = " ",
  url    = {http://faculty.chicagobooth.edu/Haresh.Sapra/research/docs_RP/stresstests_GS_FTF_Dec_2013.pdf},
}

@article{Candelon,
  title   = {{How Did Markets React to Stress Tests?}},
  publisher = " ",
  author  = "Candelon, Bertrand, and Sy, Amandou N.R.",
  year   = "2015",
  doi    = " ",
  volume  = " ",
  journal  = "IMF Working Paper",
  issn   = " ",
  url    = {https://www.imf.org/external/pubs/ft/wp/2015/wp1575.pdf},
}


